<?xml version="1.0" encoding="UTF-8"?><collection xmlns="http://www.loc.gov/MARC21/slim"><record><leader>00547nam--2200145-i-4500</leader><controlfield tag="001">000027036</controlfield><controlfield tag="002">20161230</controlfield><controlfield tag="005">20161230201036</controlfield><controlfield tag="008">060222s1000------------r-----000-0-eng-d</controlfield><datafield ind1=" " ind2=" " tag="080"><subfield code="a">519.688:681.3.06</subfield></datafield><datafield ind1=" " ind2=" " tag="100"><subfield code="a">Knuth, Donald E</subfield></datafield><datafield ind1=" " ind2=" " tag="245"><subfield code="a">Tratat de programare a calculatoarelor. algoritmi seminumerici. numere aleatoare si aritmetice cu 700 probleme rezolvate. trad.din literatura americana, dupa ed.1981</subfield></datafield><datafield ind1=" " ind2=" " tag="260"><subfield code="a">Bucuresti, Ed.Tehnica, 1983, 724p</subfield></datafield><datafield ind1=" " ind2=" " tag="490"><subfield code="a">Biblioteca De Automatica, Informatica, Electronica, Management</subfield></datafield><datafield ind1=" " ind2=" " tag="852"><subfield code="a">71475</subfield></datafield></record></collection>